% Encoding: UTF-8

@Online{Alex,
  author = {Alexander Reinefeld},
  title =  {Complete Solution of the Eight-Puzzle and the Bene t of Node Ordering in IDA*},
  DOI =    "http://www.laborion.com/Portals/0/Ai/Heuristicssearch/93ijcai.pdf"
}
