@InProceedings{reinefeld1993complete,
  author = {Reinefeld, Alexander},
  title =  {Complete solution of the Eight-Puzzle and the benefit of node-ordering in IDA*},
  year =   {1993},
  pages =  {248-253}
}

@article{archer1999modern,
  title={A modern treatment of the 15 puzzle},
  author={Archer, Aaron F},
  journal={The American mathematical monthly},
  volume={106},
  number={9},
  pages={793--799},
  year={1999},
  publisher={JSTOR}
}